% Encoding: UTF-8

@Online{University2020,
  author = {{Angular University}},
  date   = {2020-12-18},
  title  = {Angular Change Detection - How Does It Really Work?},
  url    = {https://blog.angular-university.io/how-does-angular-2-change-detection-really-work/},
}

@Online{Kumar2020,
  author = {Kumar, Dhananjay},
  date   = {2020-07-31},
  title  = {Change Detection in Angular},
  url    = {https://debugmode.net/2020/07/31/change-detection-in-angular/},
}

@Online{Hoffmann2019,
  author = {Hoffmann, Michael},
  date   = {2019-11-18},
  title  = {The Last Guide For Angular Change Detection You'll Ever Need},
  url    = {https://www.mokkapps.de/blog/the-last-guide-for-angular-change-detection-you-will-ever-need/},
}

@Online{Buomprisco2019,
  author = {Buomprisco, Giancarlo},
  date   = {2019-11-18},
  title  = {Quantum Angular: Maximizing Performance by Removing Zone},
  url    = {https://blog.bitsrc.io/quantum-angular-maximizing-performance-by-removing-zone-e0eefe85b8d8},
}

@Online{Arsenault2017,
  author = {Arsenault, Cody},
  date   = {2017-11-09},
  title  = {Measuring Web Performance - Analyzing What Matters Most},
  url    = {https://www.keycdn.com/blog/measuring-web-performance},
}

@Online{Inatomi2020,
  author = {Inatomi, Suguru},
  date   = {2020-03-18},
  title  = {Angular: Test Reactiveness with OnPush strategy},
  url    = {https://blog.lacolaco.net/2020/03/angular-app-reactiveness-en/},
}

@Online{BrinkNielsen2019,
  author = {Brink Nielsen, Lars Gyrup},
  date   = {2019-12-26},
  title  = {Component features with Angular Ivy},
  url    = {https://indepth.dev/posts/1100/component-features-with-angular-ivy},
}

@Online{Spittel,
  author = {Ali Spittel},
  date   = {2018-07-18},
  title  = {What is a Web Framework, and Why Should I use one?},
  url    = {https://welearncode.com/what-are-frontend-frameworks/},
}

@Online{Skolski,
  author = {Pawel Skólski},
  date   = {2016-12-01},
  title  = {Single-page application vs. multiple-page application},
  url    = {https://neoteric.eu/blog/single-page-application-vs-multiple-page-application/},
}

@Online{Angular.io,
  author = {Angular.io},
  title  = {Introduction to Angular concepts},
  url    = {https://angular.io/guide/architecture#introduction-to-angular-concepts},
}

@Online{Rauh,
  author = {Stephan Rauh},
  date   = {2015-10-17},
  title  = {Model-View-Whatever},
  url    = {https://www.beyondjava.net/model-view-whatever},
}

@Online{AltexSoft,
  author = {AltexSoft},
  date   = {2020-07-21},
  title  = {Angular Basics, Pros and Cons Explained},
  url    = {https://www.youtube.com/watch?v=y14f_VFsZIA},
}

@Online{Sterkowitz,
  author = {Andy Sterkowitz},
  date   = {2019-02-25},
  title  = {What is Angular? (Explained for Beginners)},
  url    = {https://www.youtube.com/watch?v=VAkio68d51A},
}

@Online{AngularJs,
  author = {AngularJs},
  title  = {Creating Custom Directives},
  url    = {https://docs.angularjs.org/guide/directive},
}

@Online{Typescriptlang,
  author = {Typescriptlang},
  title  = {What is TypeScript?},
  url    = {https://www.typescriptlang.org/},
}

@Online{Rylan,
  author = {Cory Rylan},
  date   = {2019-05-31},
  title  = {Understand Angulars Hierarchical Dependency Injection system},
  url    = {https://ultimatecourses.com/blog/understand-angulars-hierarchical-dependency-injection-system},
}

@Online{Brandrick2017,
  author = {Chris Brandrick},
  date   = {2017-06-16},
  title  = {Angular 1.0 Turns Five Years Old},
  url    = {https://medium.com/dailyjs/angular-1-0-turns-five-years-old-4d7108a5e412},
}

@Online{Semenas2020,
  author = {Vaidas Semènas},
  date   = {2020-08-27},
  title  = {How to migrate from AngularJS to Angular},
  url    = {https://www.devbridge.com/articles/migrating-angularjs-angular8-tutorial/},
}

@Online{Angular.io-ivy,
  author = {Angular.io},
  title  = {Angular Ivy},
  url    = {https://angular.io/guide/ivy},
}

@Online{Savkin2018,
  author = {Victor Savkin},
  date   = {2018-12-07},
  title  = {Metaprogramming, Higher-Order Components and Mixins with Angular Ivy},
  url    = {https://blog.nrwl.io/metaprogramming-higher-order-components-and-mixins-with-angular-ivy-75748fcbc310},
}

@Online{Exbrayat2019,
  author = {Cédric Exbrayat},
  date   = {2019-05-07},
  title  = {What is Angular Ivy?},
  url    = {https://blog.ninja-squad.com/2019/05/07/what-is-angular-ivy/},
}

@Online{AngularRxjs,
  author = {Angular},
  title  = {The RxJs library},
  url    = {https://angular.io/guide/rx-library},
}

@Online{RxJsDocs,
  author = {RxJs},
  title  = {RxJs overview},
  url    = {https://rxjs.dev/guide/overview},
}

@Online{NgRxStore,
  author = {NgRx},
  title  = {NgRx store},
  url    = {https://ngrx.io/guide/store},
}

@Online{NgRxActions,
  author = {NgRx},
  title  = {NgRx actions},
  url    = {https://ngrx.io/guide/store/actions},
}

@Online{NgRxSelectors,
  author = {NgRx},
  title  = {NgRx selectors},
  url    = {https://ngrx.io/guide/store/selectors},
}

@Online{AngularUni2020,
  author = {Angular university},
  date   = {2020-12-16},
  title  = {Ngrx Store - An Architecture Guide},
  url    = {https://blog.angular-university.io/angular-ngrx-store-and-effects-crash-course/},
}

@Online{NgRxEffects,
  author = {NgRx},
  title  = {NgRx effects},
  url    = {https://ngrx.io/guide/effects},
}

@Online{Sargsyan2020,
  author = {Areg Sargsyan},
  date   = {2020-06-11},
  title  = {How to improve performance of Angular application with Change Detection and NgZone},
  url    = {https://medium.com/swlh/angular-change-detection-ngzone-a5103fab3866},
}

@Online{Simon2018,
  author = {Gary Simon},
  date   = {2018-04-06},
  title  = {Ngrx Store Tutorial for Angular - Learn State Management for Angular},
  url    = {https://www.youtube.com/watch?v=9P5DTlg9oLc},
}

@Online{ngHouston2019,
  author = {ngHouston},
  date   = {2019-11-06},
  title  = {ngHouston - Learn Basic Zone.js by Examples w/ Jia Li},
  url    = {https://www.youtube.com/watch?v=dAF6Ep6ECC0},
}

@Online{AngularAir2019,
  author = {Angular Air},
  date   = {2019-11-06},
  title  = {ngAir 224 - Zone.js in Depth with Jai Li},
  url    = {https://www.youtube.com/watch?v=6A7JkzpJw0w},
}

@Online{Microsoft2014,
  author = {Microsoft},
  date   = {2014-10-06},
  title  = {Introduction to SignalR},
  url    = {https://docs.microsoft.com/en-us/aspnet/signalr/overview/getting-started/introduction-to-signalr},
}

@Online{Goudar2019,
  author = {Yallaling Goudar},
  date   = {2019-01-17},
  title  = {One-way and Two-way Data Binding in Angular},
  url    = {https://www.pluralsight.com/guides/one-and-two-way-data-binding-angular},
}

@Online{AngularEvent,
  author = {Angular},
  title  = {Event binding},
  url    = {https://angular.io/guide/event-binding},
}

@Online{AngularProperty,
  author = {Angular},
  title  = {Property binding},
  url    = {https://angular.io/guide/property-binding},
}

@CodeFragment{ngZoneSrc,
  url = {https://github.com/angular/angular/blob/master/packages/core/src/zone/ng_zone.ts},
}

@Online{AngularUniOnpush2020,
  author = {Angular university},
  date   = {2020-12-17},
  title  = {Angular OnPush Change Detection and Component Design - Avoid Common Pitfalls},
  url    = {https://blog.angular-university.io/onpush-change-detection-how-it-works/},
}

@Online{Basal2018,
  author = {Netanel Basal},
  date   = {2018-05-01},
  title  = {A Comprehensive Guide to Angular onPush Change Detection Strategy},
  url    = {https://netbasal.com/a-comprehensive-guide-to-angular-onpush-change-detection-strategy-5bac493074a4},
}

@Comment{jabref-meta: databaseType:biblatex;}
